<collection xmlns="http://www.loc.gov/MARC21/slim">
<record>
  <leader>00927ncm0a22002291i 450 </leader>
  <controlfield tag="001">IT\ICCU\CNCE\044268</controlfield>
  <controlfield tag="005">19990520000000.0</controlfield>
  <datafield tag="100" ind1=" " ind2=" ">
    <subfield code="a">19981230d1560        0itac0103    ba</subfield>
  </datafield>
  <datafield tag="101" ind1=" " ind2=" ">
    <subfield code="a">LAT</subfield>
  </datafield>
  <datafield tag="102" ind1=" " ind2=" ">
    <subfield code="a">IT</subfield>
  </datafield>
  <datafield tag="200" ind1="1" ind2=" ">
    <subfield code="a">Hymni totius anni secundum ritum S. Rom. Ecclesiae. Cum quat. et quinque vocibus. Authore Iacobo De Kerle Flandro Yprensi</subfield>
  </datafield>
  <datafield tag="210" ind1=" " ind2=" ">
    <subfield code="a">Roma</subfield>
    <subfield code="c"></subfield>
    <subfield code="d">1560</subfield>
  </datafield>
  <datafield tag="215" ind1=" " ind2=" ">
    <subfield code="a">4 fasc.</subfield>
    <subfield code="d">8ʻ</subfield>
  </datafield>
  <datafield tag="300" ind1=" " ind2=" ">
    <subfield code="a">S, A, T, B</subfield>
  </datafield>
  <datafield tag="620" ind1=" " ind2=" ">
    <subfield code="a">IT</subfield>
    <subfield code="d">Roma</subfield>
  </datafield>
  <datafield tag="700" ind1=" " ind2="1">
    <subfield code="a">Kerle,</subfield>
    <subfield code="b">Jacobus : de</subfield>
    <subfield code="3">IT\ICCU\CNCA\011661</subfield>
  </datafield>
  <datafield tag="712" ind1="0" ind2="0">
    <subfield code="a">Barr,̌ Antonio</subfield>
    <subfield code="3">IT\ICCU\CNCT\002064</subfield>
    <subfield code="4">650</subfield>
  </datafield>
  <datafield tag="790" ind1=" " ind2="1">
    <subfield code="a">Kerle,</subfield>
    <subfield code="b">Jacques : de</subfield>
    <subfield code="3">IT\ICCU\CNCA\019529</subfield>
    <subfield code="z">Kerle, Jacobus : de</subfield>
  </datafield>
  <datafield tag="790" ind1=" " ind2="1">
    <subfield code="a">Kerle,</subfield>
    <subfield code="b">Jacob : van</subfield>
    <subfield code="3">IT\ICCU\CNCA\019530</subfield>
    <subfield code="z">Kerle, Jacobus : de</subfield>
  </datafield>
  <datafield tag="790" ind1=" " ind2="1">
    <subfield code="a">Kerle,</subfield>
    <subfield code="b">Jacopo : van</subfield>
    <subfield code="3">IT\ICCU\CNCA\019531</subfield>
    <subfield code="z">Kerle, Jacobus : de</subfield>
  </datafield>
  <datafield tag="801" ind1=" " ind2="3">
    <subfield code="a">IT</subfield>
    <subfield code="b">ICCU</subfield>
    <subfield code="c">20201114</subfield>
  </datafield>
  <datafield tag="899" ind1=" " ind2=" ">
    <subfield code="a">Biblioteca del Conservatorio statale di musica Giuseppe Verdi. Milano</subfield>
    <subfield code="1">MI0344</subfield>
    <subfield code="2">LO1 09</subfield>
  </datafield>
</record>
</collection>
